<collection xmlns="http://www.loc.gov/MARC21/slim"><record><leader>00775nam  2200229   450</leader><controlfield tag="001">778</controlfield><controlfield tag="003">http://montalegre.opacnet.com/OPAC/default.aspx?ContentAreaControl=ShowRegHoldings.ascx&amp;RegNo=16662</controlfield><datafield tag="021" ind1=" " ind2=" "><subfield code="a">PT</subfield><subfield code="b">22990/88</subfield></datafield><datafield tag="095" ind1=" " ind2=" "><subfield code="a">PTBN00130404</subfield></datafield><datafield tag="100" ind1=" " ind2=" "><subfield code="a">20061013d1988    m  y0pora010305  ba</subfield></datafield><datafield tag="101" ind1="1" ind2=" "><subfield code="a">por</subfield><subfield code="c">eng</subfield></datafield><datafield tag="102" ind1=" " ind2=" "><subfield code="a">PT</subfield></datafield><datafield tag="200" ind1="1" ind2=" "><subfield code="a">Nas montanhas da loucura</subfield><subfield code="f">H. P. Lovecraft</subfield><subfield code="g">trad. Manuel Joäo Gomes</subfield></datafield><datafield tag="210" ind1=" " ind2=" "><subfield code="a">Lisboa</subfield><subfield code="c">Dom Quixote</subfield><subfield code="d">1988</subfield></datafield><datafield tag="215" ind1=" " ind2=" "><subfield code="a">174, [1] p.</subfield><subfield code="d">18 cm</subfield></datafield><datafield tag="225" ind1="2" ind2=" "><subfield code="a">Biblioteca de bolso Dom Quixote</subfield><subfield code="i">Ficção</subfield><subfield code="v">38</subfield></datafield><datafield tag="304" ind1=" " ind2=" "><subfield code="a">Tít. orig. : At the montains of madness</subfield></datafield><datafield tag="675" ind1=" " ind2=" "><subfield code="a">821</subfield></datafield><datafield tag="700" ind1=" " ind2="1"><subfield code="a">Lovecraft</subfield><subfield code="b">H. P.</subfield><subfield code="f">1890-1937</subfield></datafield><datafield tag="702" ind1=" " ind2="1"><subfield code="a">Gomes</subfield><subfield code="b">Manuel João</subfield></datafield><datafield tag="801" ind1=" " ind2="0"><subfield code="a">PT</subfield><subfield code="b">Biblioteca Municipal de Montalegre</subfield><subfield code="g">RPC</subfield></datafield><datafield tag="856" ind1=" " ind2=" "><subfield code="u">locateMedia.asp?cod=20060621105503&amp;ext=jpg</subfield><subfield code="z">CAPA</subfield></datafield><datafield tag="909" ind1="&#9;" ind2=" "><subfield code="a">1</subfield></datafield><datafield tag="966" ind1=" " ind2=" "><subfield code="a">0005462</subfield><subfield code="l">BMM</subfield><subfield code="s">SCG 821 LOV mon 38</subfield></datafield></record></collection>